@manual{end,
 title      = "end(3) Linux man page",
 year       = "2019",
 month      = mar,
 note      = "Version 5.02",
}

@manual{man-malloc,
 title      = "malloc(3) Linux man page",
 year       = "2019",
 month      = mar,
 note      = "Version 5.02",
}

@manual{posix-malloc,
title = "malloc - POSIX.1-2017",
organization = "IEEE and The Open Group",
year = "2018",
}

@inproceedings{ingens,
author = "Kwon, Youngjin and Yu, Hangchen and Peter, Simon and Rossbach, Christopher J.",
title = "Coordinated and Efficient Huge Page Management with Ingens",
year = "2016",
booktitle = "Proceedings of the 12th USENIX Symposium on Operating Systems Design and Implementation.",
month = nov,
}

@article{opal,
title = "Sharing and Protection in a Single-Address-Space Operating System",
author = "Chase, Jeffery S. and Levy, Henry M. and Feeley, Micheal J. and Lazowska, Edward D.",
year = 1994,
month = nov,
journal = "ACM Transactions on Computer Systems",
volume = 12,
number = 4,
pages = "271--307",
}
